<?xml version="1.0" encoding="UTF-8"?><collection xmlns="http://www.loc.gov/MARC21/slim"><record><leader>00616nam--2200217-u-4500</leader><controlfield tag="001">000052181</controlfield><controlfield tag="002">20161230</controlfield><controlfield tag="005">20161230201049</controlfield><controlfield tag="008">100510s1000------------r-----000-0-rus-d</controlfield><datafield ind1=" " ind2=" " tag="040"><subfield code="a">IFIN-HH</subfield></datafield><datafield ind1=" " ind2=" " tag="041"><subfield code="a">rus</subfield></datafield><datafield ind1="1" ind2=" " tag="100"><subfield code="a">Grammel, R</subfield></datafield><datafield ind1="1" ind2="0" tag="245"><subfield code="a">Ghiroskop. Ego teoria i primenenie</subfield><subfield code="c">R. Grammel</subfield></datafield><datafield ind1=" " ind2=" " tag="260"><subfield code="a">Moskva</subfield><subfield code="b">Izdatelistvo Inostrannoi Literaturii</subfield><subfield code="c">1952</subfield></datafield><datafield ind1=" " ind2=" " tag="300"><subfield code="a">2 vol</subfield></datafield><datafield ind1=" " ind2=" " tag="500"><subfield code="a">Titlul original in limba germana: Der Kreisel Seine Theorie und Seine Anwendungen</subfield></datafield><datafield ind1=" " ind2="0" tag="650"><subfield code="a">giroscop</subfield></datafield><datafield ind1="0" ind2=" " tag="787"><subfield code="a">Tom I</subfield><subfield code="h">351 p</subfield></datafield><datafield ind1=" " ind2=" " tag="787"><subfield code="a">Tom II</subfield><subfield code="h">318 p</subfield></datafield><datafield ind1=" " ind2=" " tag="852"><subfield code="a">36</subfield><subfield code="c">531</subfield></datafield><datafield ind1=" " ind2=" " tag="CAT"><subfield code="a">Sys</subfield><subfield code="c">20110804</subfield><subfield code="h">144244</subfield></datafield></record></collection>